@book{tanis,
  author = {Robert V. Hogg and Elliot A. Tanis},
  year = {2001},
  title = {Probability and Statistical Inference},
  publisher = {Prentice Hall},
  edition = {Sixth}
}

@book{casella,
  author = {George Casella and Roger L. Berger},
  year = {2002},
  title = {Statistical Inference},
  publisher = {Thomson Learning},
  edition = {2}
}

@book{shortR,
  author = {Paul Torfs and Claudia Brauer},
  year = {2014},
  title = {A (very) short introduction to R},
  publisher = {The R Foundation}
}

@book{archR,
  author = {ArchLinux},
  title = {R},
  year = {2023},
  publisher = {\url{https://wiki.archlinux.org/title/r}}
}

@book{proofwiki,
  author = {ProofWiki},
  title = {Closed Form for Number of Derangements on Finite Set},
  year = {2021},
  publisher = {\url{https://proofwiki.org/wiki/Closed_Form_for_Number_of_Derangements_on_Finite_Set}}
}
