@book{TMitchell,
  author    = "Tom Mitchell",
  title     = "Machine Learning",
  publisher = "McGraw-Hill Science",
  year      = 1997
}
@book{Shwartz-DavidUnderstanding,
  author    = " Shai Shalev-Shwartz and Shai Ben-David",
  title     = "Understanding Machine Learning: From Theory to Algorithms",
  publisher = "Cambridge University Press",
  address   = "New York, NY",
  year      = 2014
}
@book{MohriFoundations,
  author    = "Mehryar Mohri, Afshin Rostamizadeh, and Ameet Talwalkar",
  title     = "Foundations of Machine Learning",
  publisher = "MIT Press",
  edition   = "second",
  address   = "Cambridge, MA",
  year      = 2018
}
